<record><leader>00000cas a22000007a 4500</leader><controlfield tag="001">16627588</controlfield><controlfield tag="008">870901d19311970inuwr ne      0    0eng d</controlfield><datafield ind1=" " ind2=" " tag="010"><subfield code="a">sn 87056650 </subfield></datafield><datafield ind1=" " ind2=" " tag="040"><subfield code="a">NPI</subfield><subfield code="b">eng</subfield><subfield code="c">NPI</subfield><subfield code="d">OCLCQ</subfield></datafield><datafield ind1=" " ind2=" " tag="042"><subfield code="a">msc</subfield></datafield><datafield ind1="0" ind2="0" tag="245"><subfield code="a">Speedway flyer.</subfield></datafield><datafield ind1=" " ind2=" " tag="260"><subfield code="a">[Speedway, Ind.] :</subfield><subfield code="b">Speedway Christian Church,</subfield><subfield code="c">-1970.</subfield></datafield><datafield ind1=" " ind2=" " tag="310"><subfield code="a">Weekly</subfield></datafield><datafield ind1="1" ind2=" " tag="362"><subfield code="a">Began with Nov. 20, 1931 issue.</subfield></datafield><datafield ind1="0" ind2=" " tag="362"><subfield code="a">-v. 38, no. 12 (Apr. 9, 1970).</subfield></datafield><datafield ind1=" " ind2=" " tag="500"><subfield code="a">Owned and published by civic-spirited Speedway business and professional men in the best interests of the community, Oct. 13, 1939-1970.</subfield></datafield><datafield ind1=" " ind2=" " tag="588"><subfield code="a">Description based on: Vol. 1, no. 2 (Nov. 27, 1931).</subfield></datafield><datafield ind1=" " ind2=" " tag="752"><subfield code="a">United States</subfield><subfield code="b">Indiana</subfield><subfield code="c">Marion</subfield><subfield code="d">Speedway.</subfield></datafield><datafield ind1=" " ind2=" " tag="752"><subfield code="a">United States</subfield><subfield code="b">Indiana</subfield><subfield code="c">Marion</subfield><subfield code="d">Indianapolis.</subfield></datafield><datafield ind1="0" ind2="0" tag="785"><subfield code="t">Speedway flyer-journal</subfield><subfield code="w">(DLC)sn 87056134</subfield></datafield></record>